<record><leader>00000cas a22000007a 4500</leader><controlfield tag="001">14122306</controlfield><controlfield tag="008">860821d18461859pauwr ne      0    0eng  </controlfield><controlfield tag="009">466</controlfield><datafield ind1=" " ind2=" " tag="010"><subfield code="a">sn 86071860 </subfield></datafield><datafield ind1=" " ind2=" " tag="040"><subfield code="a">DLC</subfield><subfield code="b">eng</subfield><subfield code="c">DLC</subfield><subfield code="d">NPX</subfield><subfield code="d">NPH</subfield></datafield><datafield ind1="1" ind2=" " tag="029"><subfield code="a">AU@</subfield><subfield code="b">000025793196</subfield></datafield><datafield ind1=" " ind2=" " tag="042"><subfield code="a">msc</subfield></datafield><datafield ind1="0" ind2="0" tag="050"><subfield code="a">Newspaper 9451</subfield></datafield><datafield ind1="0" ind2="0" tag="245"><subfield code="a">American press and Republican.</subfield></datafield><datafield ind1="0" ind2="3" tag="246"><subfield code="a">American press &amp; Republican</subfield></datafield><datafield ind1=" " ind2=" " tag="260"><subfield code="a">Lancaster, Pa. :</subfield><subfield code="b">Jacob Myers,</subfield><subfield code="c">1846-</subfield></datafield><datafield ind1=" " ind2=" " tag="300"><subfield code="a">v. ;</subfield><subfield code="c">59 cm.</subfield></datafield><datafield ind1=" " ind2=" " tag="310"><subfield code="a">Weekly</subfield></datafield><datafield ind1="0" ind2=" " tag="362"><subfield code="a">Vol. 1, no. 1 (Dec. 5, 1846)-</subfield></datafield><datafield ind1="1" ind2=" " tag="362"><subfield code="a">Ceased in July 1859?</subfield><subfield code="z">Cf. Gregory, W.  Amer. newspapers.</subfield></datafield><datafield ind1=" " ind2=" " tag="500"><subfield code="a">"Democratic Whig," &lt;1849&gt;.</subfield></datafield><datafield ind1=" " ind2=" " tag="752"><subfield code="a">United States</subfield><subfield code="b">Pennsylvania</subfield><subfield code="c">Lancaster</subfield><subfield code="d">Lancaster.</subfield></datafield><datafield ind1="0" ind2="4" tag="780"><subfield code="t">American press (Lancaster, Pa.)</subfield><subfield code="w">(DLC)sn 83032290</subfield></datafield><datafield ind1="0" ind2="4" tag="780"><subfield code="t">Lancaster American Republican</subfield><subfield code="w">(DLC)sn 86071859</subfield></datafield><datafield ind1="0" ind2="4" tag="785"><subfield code="t">Lancaster inquirer (Lancaster, Pa. : 1859)</subfield><subfield code="w">(DLC)sn 83032293</subfield></datafield></record>